<?xml version="1.0" encoding="UTF-8"?><collection xmlns="http://www.loc.gov/MARC21/slim"><record><leader>00371nam--2200133-i-4500</leader><controlfield tag="001">000034461</controlfield><controlfield tag="002">20161230</controlfield><controlfield tag="005">20161230201040</controlfield><controlfield tag="008">060222s1000------------r-----000-0-eng-d</controlfield><datafield ind1=" " ind2=" " tag="080"><subfield code="a">530.145.6(061.3)</subfield></datafield><datafield ind1=" " ind2=" " tag="245"><subfield code="a">Non-perturbative aspects of quantum field theory</subfield></datafield><datafield ind1=" " ind2=" " tag="260"><subfield code="a">Singapore, World Scientific, 1982, 259p</subfield></datafield><datafield ind1=" " ind2=" " tag="700"><subfield code="a">Julve, J.And Ramon-medrano, M</subfield></datafield><datafield ind1=" " ind2=" " tag="852"><subfield code="a">79159</subfield></datafield></record></collection>